@online{yolov3,
    author		= {Redmon, Joseph and Farhadi, Ali},
    title		= {YOLOv3},
    subtitle    = {An Incremental Improvement},
    shorttitle	= {YOLOv3},
    url			= {https://pjreddie.com/darknet/yolo/},
    urldate		= {2020-02-28},
    year		= {2018}
}
